
@article{nguyenSpatialLightInterference2013,
  title = {Spatial {{Light Interference Microscopy}} ({{SLIM}}) Using Twisted-Nematic Liquid-Crystal Modulation},
  author = {Nguyen, Tan H. and Popescu, Gabriel},
  date = {2013-09-01},
  journaltitle = {Biomedical Optics Express},
  shortjournal = {Biomed. Opt. Express},
  volume = {4},
  number = {9},
  pages = {1571},
  issn = {2156-7085, 2156-7085},
  doi = {10.1364/BOE.4.001571},
  url = {https://opg.optica.org/abstract.cfm?URI=boe-4-9-1571},
  urldate = {2022-06-15},
  langid = {english}
}

@book{shenGeneralPhysicsLaboratory2015,
  title = {General {{Physics Laboratory}}},
  author = {Shen, Han},
  date = {2015},
  publisher = {{Science press}},
  isbn = {978-7-03-043311-4}
}


