
@article{gearhartSimpleHighStability1975,
  title = {Simple High‐stability Potentiometric Ac Bridge Circuits for High‐resolution Low‐temperature Resistance Thermometry},
  author = {Gearhart, C. A. and McLinn, J. A. and Zimmermann, W.},
  date = {1975-11},
  journaltitle = {Review of Scientific Instruments},
  shortjournal = {Review of Scientific Instruments},
  volume = {46},
  number = {11},
  pages = {1493--1499},
  issn = {0034-6748, 1089-7623},
  doi = {10.1063/1.1134085},
  url = {http://aip.scitation.org/doi/10.1063/1.1134085},
  urldate = {2021-11-21},
  langid = {english}
}

@article{helbachHighPrecisionAutomaticDigital1983,
  title = {High-{{Precision Automatic Digital AC Bridge}}},
  author = {Helbach, Wolfgang and Marczinowski, Peter and Trenkler, Gerhard},
  date = {1983-03},
  journaltitle = {IEEE Transactions on Instrumentation and Measurement},
  shortjournal = {IEEE Trans. Instrum. Meas.},
  volume = {32},
  number = {1},
  pages = {159--162},
  issn = {0018-9456},
  doi = {10.1109/TIM.1983.4315031},
  url = {http://ieeexplore.ieee.org/document/4315031/},
  urldate = {2021-11-21}
}

@article{holmbergAutomaticBalancingLinear1995,
  title = {Automatic Balancing of Linear {{AC}} Bridge Circuits for Capacitive Sensor Elements},
  author = {Holmberg, P.},
  date = {1995-06},
  journaltitle = {IEEE Transactions on Instrumentation and Measurement},
  shortjournal = {IEEE Trans. Instrum. Meas.},
  volume = {44},
  number = {3},
  pages = {803--805},
  issn = {00189456},
  doi = {10.1109/19.387337},
  url = {http://ieeexplore.ieee.org/document/387337/},
  urldate = {2021-11-21}
}

@article{jelinekPrecisionBridgeSet1973,
  title = {Precision {{A}}.{{C}}. Bridge Set for Measuring Magnetic Susceptibility of Rocks and Its Anisotropy},
  author = {Jelínek, Vít and Bucha, V.},
  date = {1973-03},
  journaltitle = {Studia Geophysica et Geodaetica},
  shortjournal = {Stud Geophys Geod},
  volume = {17},
  number = {1},
  pages = {36--48},
  issn = {0039-3169, 1573-1626},
  doi = {10.1007/BF01614027},
  url = {http://link.springer.com/10.1007/BF01614027},
  urldate = {2021-11-21},
  langid = {english}
}

@book{shenJiChuWuLiShiYan2015,
  title = {基础物理实验},
  author = {沈, 韩},
  date = {2015},
  publisher = {{科学出版社}},
  abstract = {中山大学物理学实验系列教程},
  isbn = {978-7-03-043311-4}
}


