
@article{bruntonChaosIntermittentlyForced2017,
  title = {Chaos as an Intermittently Forced Linear System},
  author = {Brunton, Steven L. and Brunton, Bingni W. and Proctor, Joshua L. and Kaiser, Eurika and Kutz, J. Nathan},
  date = {2017-12},
  journaltitle = {Nature Communications},
  shortjournal = {Nat Commun},
  volume = {8},
  number = {1},
  pages = {19},
  issn = {2041-1723},
  doi = {10.1038/s41467-017-00030-8},
  url = {http://www.nature.com/articles/s41467-017-00030-8},
  urldate = {2022-05-07},
  langid = {english},
  file = {C\:\\Users\\12977\\Desktop\\JegVet\\System\\Zotero\\Data\\storage\\G9G36CDV\\Brunton et al. - 2017 - Chaos as an intermittently forced linear system.pdf}
}

@online{BuildLorenzAttractor,
  title = {Build a Lorenz Attractor -- Electronic Circuit -- Chaos},
  url = {http://seti.harvard.edu/unusual_stuff/misc/lorenz.htm},
  urldate = {2022-05-07}
}

@article{crutchfieldOrderChaos2012,
  title = {Between Order and Chaos},
  author = {Crutchfield, James P.},
  date = {2012-01},
  journaltitle = {Nature Physics},
  shortjournal = {Nature Phys},
  volume = {8},
  number = {1},
  pages = {17--24},
  issn = {1745-2473, 1745-2481},
  doi = {10.1038/nphys2190},
  url = {http://www.nature.com/articles/nphys2190},
  urldate = {2022-05-07},
  langid = {english},
  file = {C\:\\Users\\12977\\Desktop\\JegVet\\System\\Zotero\\Data\\storage\\KHMY22EH\\Crutchfield - 2012 - Between order and chaos.pdf}
}

@article{keuninckxSimpleTwoTransistorSingleSupply2015a,
  title = {Simple {{Two-Transistor Single-Supply Resistor}}–{{Capacitor Chaotic Oscillator}}},
  author = {Keuninckx, Lars and Van der Sande, Guy and Danckaert, Jan},
  date = {2015-09},
  journaltitle = {IEEE Transactions on Circuits and Systems II: Express Briefs},
  shortjournal = {IEEE Trans. Circuits Syst. II},
  volume = {62},
  number = {9},
  pages = {891--895},
  issn = {1549-7747, 1558-3791},
  doi = {10.1109/TCSII.2015.2435211},
  url = {https://ieeexplore.ieee.org/document/7111269},
  urldate = {2022-05-07},
  abstract = {We have modified an otherwise standard onetransistor self-biasing resistor-capacitor phase-shift oscillator to induce chaotic oscillations. The circuit uses only two transistors, no inductors, and is powered by a single supply voltage. As such it is an attractive and low-cost source of chaotic oscillations for many applications. We compare experimental results to Spice simulations, showing good agreement. We qualitatively explain the chaotic dynamics to stem from hysteretic jumps between unstable equilibria around which growing oscillations exist.},
  langid = {english},
  file = {C\:\\Users\\12977\\Desktop\\JegVet\\System\\Zotero\\Library\\Study\\SYSU-EXP\\2015_IEEE Trans. Circuits Syst. II_Simple Two-Transistor Single-Supply Resistor–Capacitor Chaotic Oscillator_Keuninckx.pdf}
}

@article{lorenzDeterministicNonperiodicFlow1963,
  title = {Deterministic {{Nonperiodic Flow}}},
  author = {Lorenz, Edward N.},
  date = {1963-03},
  journaltitle = {Journal of the Atmospheric Sciences},
  shortjournal = {J. Atmos. Sci.},
  volume = {20},
  number = {2},
  pages = {130--141},
  issn = {0022-4928, 1520-0469},
  doi = {10.1175/1520-0469(1963)020<0130:DNF>2.0.CO;2},
  url = {http://journals.ametsoc.org/doi/10.1175/1520-0469(1963)020<0130:DNF>2.0.CO;2},
  urldate = {2022-05-07},
  langid = {english},
  file = {C\:\\Users\\12977\\Desktop\\JegVet\\System\\Zotero\\Library\\Study\\SYSU-EXP\\1963_J. Atmos. Sci._Deterministic Nonperiodic Flow_Lorenz.pdf}
}

@article{oestreicherHistoryChaosTheory2007,
  title = {A History of Chaos Theory},
  author = {Oestreicher, Christian},
  date = {2007-09-30},
  journaltitle = {Dialogues in Clinical Neuroscience},
  shortjournal = {Dialogues in Clinical Neuroscience},
  volume = {9},
  number = {3},
  pages = {279--289},
  issn = {1958-5969},
  doi = {10.31887/DCNS.2007.9.3/coestreicher},
  url = {https://www.tandfonline.com/doi/full/10.31887/DCNS.2007.9.3/coestreicher},
  urldate = {2022-05-07},
  langid = {english},
  file = {C\:\\Users\\12977\\Desktop\\JegVet\\System\\Zotero\\Library\\Study\\SYSU-EXP\\2007_Dialogues in Clinical Neuroscience_A history of chaos theory_Oestreicher.pdf}
}

@article{prakashChuaCircuitParadigm2020,
  title = {Chua’s {{Circuit}}: {{A Paradigm}} of {{Chaotic Systems}}},
  shorttitle = {Chua’s {{Circuit}}},
  author = {Prakash, V. Satya},
  date = {2020-12},
  journaltitle = {Resonance},
  shortjournal = {Reson},
  volume = {25},
  number = {12},
  pages = {1721--1730},
  issn = {0971-8044, 0973-712X},
  doi = {10.1007/s12045-020-1092-x},
  url = {http://link.springer.com/10.1007/s12045-020-1092-x},
  urldate = {2022-05-07},
  langid = {english},
  file = {C\:\\Users\\12977\\Desktop\\JegVet\\System\\Zotero\\Library\\Study\\SYSU-EXP\\2020_Reson_Chua’s Circuit_Prakash.pdf}
}

@article{sekarChaosMechanicalSystems1995,
  title = {Chaos in Mechanical Systems — {{A}} Review},
  author = {Sekar, P and Narayanan, S},
  date = {1995-04},
  journaltitle = {Sadhana},
  shortjournal = {Sadhana},
  volume = {20},
  number = {2-4},
  pages = {529--582},
  issn = {0256-2499, 0973-7677},
  doi = {10.1007/BF02823207},
  url = {http://link.springer.com/10.1007/BF02823207},
  urldate = {2022-05-07},
  abstract = {In this paper, a review of the various developments in the field of chaotic dynamics with specific emphasis on chaos in structural and mechanical systems is presented. The paper discusses some known chaotic systems such as the Lorenz, Rfssler, Ueda and Henon attractors as well as chaos in Dulting and Van der Pol oscillators. The paper also covers chaos in piecewise linear systems, impacting oscillators and flow induced vibrating systems. Topics such as bifurcations and routes to chaos, different ways of characterising chaos, domains of attraction and control of chaos are also discussed.},
  langid = {english},
  file = {C\:\\Users\\12977\\Desktop\\JegVet\\System\\Zotero\\Library\\Study\\SYSU-EXP\\1995_Sadhana_Chaos in mechanical systems — A review_Sekar.pdf}
}

@book{shenGeneralPhysicsLaboratory2015,
  title = {General {{Physics Laboratory}}},
  author = {Shen, Han},
  date = {2015},
  publisher = {{Science press}},
  isbn = {978-7-03-043311-4}
}

@incollection{yinConstructingPostClassicalEcosystems2011,
  title = {Constructing {{Post-Classical Ecosystems Ecology}}},
  booktitle = {Philosophy of {{Complex Systems}}},
  author = {Yin, Gao and Herfel, William},
  date = {2011},
  pages = {389--420},
  publisher = {{Elsevier}},
  doi = {10.1016/B978-0-444-52076-0.50014-6},
  url = {https://linkinghub.elsevier.com/retrieve/pii/B9780444520760500146},
  urldate = {2022-05-07},
  isbn = {978-0-444-52076-0},
  langid = {english}
}



@article{nguimdoFastRandomBits2012a,
  title = {Fast Random Bits Generation Based on a Single Chaotic Semiconductor Ring Laser},
  author = {Nguimdo, Romain Modeste and Verschaffelt, Guy and Danckaert, Jan and Leijtens, Xaveer and Bolk, Jeroen and Van der Sande, Guy},
  date = {2012-12-17},
  journaltitle = {Optics Express},
  shortjournal = {Opt. Express},
  volume = {20},
  number = {27},
  pages = {28603},
  issn = {1094-4087},
  doi = {10.1364/OE.20.028603},
  url = {https://opg.optica.org/oe/abstract.cfm?uri=oe-20-27-28603},
  urldate = {2022-05-11},
  langid = {english},
  file = {C\:\\Users\\12977\\Desktop\\JegVet\\System\\Zotero\\Library\\Study\\SYSU-EXP\\2012_Opt. Express_Fast random bits generation based on a single chaotic semiconductor ring laser_Nguimdo.pdf}
}

@article{steingrubeSelforganizedAdaptationSimple2010,
  title = {Self-Organized Adaptation of a Simple Neural Circuit Enables Complex Robot Behaviour},
  author = {Steingrube, Silke and Timme, Marc and Wörgötter, Florentin and Manoonpong, Poramate},
  date = {2010-03},
  journaltitle = {Nature Physics},
  shortjournal = {Nature Phys},
  volume = {6},
  number = {3},
  pages = {224--230},
  issn = {1745-2473, 1745-2481},
  doi = {10.1038/nphys1508},
  url = {http://www.nature.com/articles/nphys1508},
  urldate = {2022-05-11},
  langid = {english},
  file = {C\:\\Users\\12977\\Desktop\\JegVet\\System\\Zotero\\Library\\Study\\SYSU-EXP\\2010_Nature Phys_Self-organized adaptation of a simple neural circuit enables complex robot_Steingrube.pdf}
}

@incollection{tanougastHardwareImplementationChaos2011,
  title = {Hardware {{Implementation}} of {{Chaos Based Cipher}}: {{Design}} of {{Embedded Systems}} for {{Security Applications}}},
  shorttitle = {Hardware {{Implementation}} of {{Chaos Based Cipher}}},
  booktitle = {Chaos-{{Based Cryptography}}},
  author = {Tanougast, Camel},
  editor = {Kocarev, Ljupco and Lian, Shiguo},
  date = {2011},
  series = {Studies in {{Computational Intelligence}}},
  volume = {354},
  pages = {297--330},
  publisher = {{Springer Berlin Heidelberg}},
  location = {{Berlin, Heidelberg}},
  doi = {10.1007/978-3-642-20542-2_9},
  url = {http://link.springer.com/10.1007/978-3-642-20542-2_9},
  urldate = {2022-05-11},
  editorb = {Kacprzyk, Janusz},
  editorbtype = {redactor},
  isbn = {978-3-642-20541-5 978-3-642-20542-2},
  file = {C\:\\Users\\12977\\Desktop\\JegVet\\System\\Zotero\\Library\\Study\\SYSU-EXP\\2011_Chaos-Based Cryptography_Hardware Implementation of Chaos Based Cipher_Tanougast.pdf}
}


