
@book{cite:1,
  title = {基础物理实验},
  author = {沈, 韩},
  year = {2015},
  publisher = {{科学出版社}},
  abstract = {中山大学物理学实验系列教程},
  isbn = {978-7-03-043311-4},
  pages = {297}
}


